@book{allenby1991rings,
  title     = {Rings, Fields and Groups: An Introduction to Abstract Algebra},
  author    = {Allenby, R.B.J.T.},
  isbn      = {9780340544402},
  lccn      = {92181189},
  series    = {Modular Mathematics Series},
  year      = {1991},
  publisher = {Edward Arnold}
}

@book{arapura2012algebraic,
  title     = {Algebraic geometry over the complex numbers},
  author    = {Arapura, Donu},
  year      = {2012},
  publisher = {Springer},
  doi       = {10.1007/978-1-4614-1809-2},
  series    = {Universitext}
}

@book{atiyah1990geometry,
  title     = {The geometry and physics of knots},
  author    = {Atiyah, Michael},
  year      = {1990},
  publisher = {Cambridge University Press},
  doi       = {10.1017/CBO9780511623868}
}

@book{baez1994gauge,
  title     = {Gauge fields, knots and gravity},
  author    = {Baez, John C and Muniain, Javier P},
  series    = {Series on Knots and Everything},
  volume    = {4},
  year      = {1994},
  publisher = {World Scientific Publishing Company},
  doi       = {10.1142/2324}
}
